<record><leader>00000cas a22000007a 4500</leader><controlfield tag="001">16014962</controlfield><controlfield tag="008">870622d18901890txuwr ne      0    0eng d</controlfield><datafield ind1=" " ind2=" " tag="010"><subfield code="a">sn 87090378 </subfield></datafield><datafield ind1=" " ind2=" " tag="040"><subfield code="a">PPM</subfield><subfield code="b">eng</subfield><subfield code="c">PPM</subfield><subfield code="d">OCLCQ</subfield></datafield><datafield ind1=" " ind2=" " tag="042"><subfield code="a">msc</subfield></datafield><datafield ind1="0" ind2="0" tag="245"><subfield code="a">Waco weekly news and trade review.</subfield></datafield><datafield ind1=" " ind2=" " tag="260"><subfield code="a">Waco, Tex. :</subfield><subfield code="b">News Print. Co.</subfield></datafield><datafield ind1=" " ind2=" " tag="310"><subfield code="a">Weekly</subfield></datafield><datafield ind1="1" ind2=" " tag="362"><subfield code="a">Began Jan. 31, 1890.</subfield></datafield><datafield ind1="0" ind2=" " tag="362"><subfield code="a">-v. 4, no. 34 (Feb. 15, 1890).</subfield></datafield><datafield ind1=" " ind2=" " tag="588"><subfield code="a">Description based on: Feb. 1, 1890 issue.</subfield></datafield><datafield ind1=" " ind2=" " tag="752"><subfield code="a">United States</subfield><subfield code="b">Texas</subfield><subfield code="c">McLennan</subfield><subfield code="d">Waco.</subfield></datafield><datafield ind1="0" ind2=" " tag="775"><subfield code="t">Waco daily news</subfield><subfield code="w">(DLC)sn 86090136</subfield></datafield><datafield ind1="0" ind2="4" tag="780"><subfield code="t">Waco weekly news</subfield><subfield code="w">(DLC)sn 87090377</subfield></datafield><datafield ind1="0" ind2="4" tag="780"><subfield code="t">Trade review</subfield><subfield code="w">(DLC)sn 87090741</subfield></datafield><datafield ind1="0" ind2="0" tag="785"><subfield code="t">Waco weekly news (Waco, Tex. : 1890)</subfield><subfield code="w">(DLC)sn 87090379</subfield></datafield><datafield ind1="1" ind2=" " tag="029"><subfield code="a">AU@</subfield><subfield code="b">000025825234</subfield></datafield></record>